@article{noxpec,
  author        = {{Ferracin}, Samuele and {Hashim}, Akel and {Ville}, Jean-Loup and {Naik}, Ravi and {Carignan-Dugas}, Arnaud and {Qassim}, Hammam and {Morvan}, Alexis and {Santiago}, David I. and {Siddiqi}, Irfan and {Wallman}, Joel J.},
  title         = {{Efficiently improving the performance of noisy quantum computers}},
  year          = {2022},
  month         = {Jan},
  archiveprefix = {arXiv},
  eprint        = {2201.10672},
  primaryclass  = {quant-ph},
}


@article{cer,
  title     = {Randomized Compiling for Scalable Quantum Computing on a Noisy Superconducting Quantum Processor},
  author    = {Hashim, Akel and Naik, Ravi K. and Morvan, Alexis and Ville, Jean-Loup and Mitchell, Bradley and Kreikebaum, John Mark and Davis, Marc and Smith, Ethan and Iancu, Costin and O'Brien, Kevin P. and Hincks, Ian and Wallman, Joel J. and Emerson, Joseph and Siddiqi, Irfan},
  journal   = {Phys. Rev. X},
  volume    = {11},
  issue     = {4},
  pages     = {041039},
  numpages  = {12},
  year      = {2021},
  month     = {Nov},
  publisher = {American Physical Society},
  doi       = {10.1103/PhysRevX.11.041039},
}

@article{randcomp,
  title     = {Noise tailoring for scalable quantum computation via randomized compiling},
  author    = {Wallman, Joel J. and Emerson, Joseph},
  journal   = {Phys. Rev. A},
  volume    = {94},
  issue     = {5},
  pages     = {052325},
  numpages  = {9},
  year      = {2016},
  month     = {Nov},
  publisher = {American Physical Society},
  doi       = {10.1103/PhysRevA.94.052325},
}
