@article{zne-pec,
  title     = {Error Mitigation for Short-Depth Quantum Circuits},
  author    = {Temme, Kristan and Bravyi, Sergey and Gambetta, Jay M.},
  journal   = {Phys. Rev. Lett.},
  volume    = {119},
  issue     = {18},
  pages     = {180509},
  numpages  = {5},
  year      = {2017},
  month     = {Nov},
  publisher = {American Physical Society},
  doi       = {10.1103/PhysRevLett.119.180509},
  url       = {https://link.aps.org/doi/10.1103/PhysRevLett.119.180509},
}

@misc{pauli-lindblad,
  title         = {Probabilistic error cancellation with sparse Pauli-Lindblad models on noisy quantum processors},
  author        = {Ewout van den Berg and Zlatko K. Minev and Abhinav Kandala and Kristan Temme},
  year          = {2022},
  eprint        = {2201.09866},
  archiveprefix = {arXiv},
  primaryclass  = {quant-ph},
}

@inproceedings{automated-per,
  author    = {McDonough, Benjamin and Mari, Andrea and Shammah, Nathan and Stemen, Nathaniel T. and Wahl, Misty and Zeng, William J. and Orth, Peter P.},
  booktitle = {2022 IEEE/ACM Third International Workshop on Quantum Computing Software (QCS)},
  title     = {Automated quantum error mitigation based on probabilistic error reduction},
  year      = {2022},
  volume    = {},
  number    = {},
  pages     = {83-93},
  doi       = {10.1109/QCS56647.2022.00015},
}
